<?xml version="1.0" encoding="UTF-8"?><collection xmlns="http://www.loc.gov/MARC21/slim"><record><leader>00357nam--2200121-i-4500</leader><controlfield tag="001">000038545</controlfield><controlfield tag="002">20161230</controlfield><controlfield tag="005">20161230201041</controlfield><controlfield tag="008">060222s1000------------r-----000-0-eng-d</controlfield><datafield ind1=" " ind2=" " tag="080"><subfield code="a">017.1(05)(498)</subfield></datafield><datafield ind1=" " ind2=" " tag="245"><subfield code="a">Repertoriul colectiv al periodicelor straine intrate in bibliotecile din romania 1995</subfield></datafield><datafield ind1=" " ind2=" " tag="260"><subfield code="a">Bucuresti, Bibl.Nat.A Romaniei, 1996</subfield></datafield><datafield ind1=" " ind2=" " tag="852"><subfield code="a">44754</subfield></datafield></record></collection>